@article{boniol2021unsupervised,
  title={Unsupervised and scalable subsequence anomaly detection in large data series},
  author={Boniol, Paul and Linardi, Michele and Roncallo, Federico and Palpanas, Themis and Meftah, Mohammed and Remy, Emmanuel},
  journal={The VLDB Journal},
  volume={30},
  number={6},
  pages={909--931},
  year={2021},
  publisher={Springer}
}